@book{Hartley03,
    author = "Richard Hartley and Andrew Zisserman",
    title = "Multiple View Geometry in Computer Vision (2nd Edition)",
    year = "2003",
    publisher = "Cambridge University Press",
    address = "Cambridge, UK"
}

@article{Arulampalam02,
 author = "Sanjeev Arulampalam and Simon Maskell and Neil Gordon and Tim Clapp",
 title = "A Tutorial on Particle Filters for Online Nonlinear/Non-{G}aussian {B}ayesian Tracking",
 journal = "IEEE Transactions on Signal Processing",
 volume = "50",
 number = "2",
 pages  = "174--188",
 year   = "2002"
}

@article{scherer2010histograms,
	author = "Scherer, Maximilian and Walter, Michael and Schreck, Tobias",
	title = "Histograms of oriented gradients for 3d object retrieval",
	year   = "2010"
	publisher = "VÃ¡clav Skala-UNION Agency"
}


@inproceedings{Kaestner05,
  author    = "Ralf Kaestner and Sebastian Thrun and Michael Montemerlo and Matt Whalley",
  title     = "A Non-rigid Approach to Scan Alignment and Change Detection Using Range Sensor Data",
  booktitle = "Proceedings of the Symposium on Field and Service Robotics",
  month     = "July",
  address   = "Port Douglas, Australia",
  year      = "2005",
  pages     = "179--194"
}

@inproceedings{dalal2005histograms,
	title={Histograms of oriented gradients for human detection},
	author={Dalal, Navneet and Triggs, Bill},
	booktitle={Computer Vision and Pattern Recognition, 2005. CVPR 2005. IEEE Computer Society Conference on},
	volume={1},
	pages={886--893},
	year={2005},
	organization={IEEE}
}